<collection xmlns="http://www.loc.gov/MARC21/slim">
<record>
  <leader>02062nam0a22003731i 450 </leader>
  <controlfield tag="001">IT\ICCU\CNCE\039654</controlfield>
  <controlfield tag="005">20110809000000.0</controlfield>
  <datafield tag="012" ind1=" " ind2=" ">
    <subfield code="a">,pif alio anse mere (C) 1543 (R)</subfield>
    <subfield code="2">fei</subfield>
  </datafield>
  <datafield tag="100" ind1=" " ind2=" ">
    <subfield code="a">19981110d1543        0itac0103    ba</subfield>
  </datafield>
  <datafield tag="101" ind1=" " ind2=" ">
    <subfield code="a">ITA</subfield>
  </datafield>
  <datafield tag="102" ind1=" " ind2=" ">
    <subfield code="a">IT</subfield>
  </datafield>
  <datafield tag="200" ind1="1" ind2=" ">
    <subfield code="a">℗La ℗pazzia</subfield>
  </datafield>
  <datafield tag="210" ind1=" " ind2=" ">
    <subfield code="e">Stampata in Vinegia</subfield>
    <subfield code="g">per Giouanni Andrea Vauassore detto Guadagnino</subfield>
    <subfield code="h">&amp; Florio fratello</subfield>
    <subfield code="h">1543 adi XI zugno</subfield>
  </datafield>
  <datafield tag="215" ind1=" " ind2=" ">
    <subfield code="a">\24! c.</subfield>
    <subfield code="d">8ʻ</subfield>
  </datafield>
  <datafield tag="300" ind1=" " ind2=" ">
    <subfield code="a">Opera attribuita sia a Vianesio Albergati, sia a Ortensio Lando, sia a Claudio Tolomei; cfr.: La pazzia. A cura di Paola Malaguti,  http://www.nuovorinascimento.org/n-rinasc/testi/pdf/pazzia/pazzia.pdf</subfield>
  </datafield>
  <datafield tag="620" ind1=" " ind2=" ">
    <subfield code="a">IT</subfield>
    <subfield code="d">Venezia</subfield>
  </datafield>
  <datafield tag="702" ind1=" " ind2="1">
    <subfield code="a">Lando,</subfield>
    <subfield code="b">Ortensio</subfield>
    <subfield code="3">IT\ICCU\CNCA\006594</subfield>
  </datafield>
  <datafield tag="702" ind1=" " ind2="1">
    <subfield code="a">Tolomei,</subfield>
    <subfield code="b">Claudio</subfield>
    <subfield code="3">IT\ICCU\CNCA\007327</subfield>
  </datafield>
  <datafield tag="702" ind1=" " ind2="1">
    <subfield code="a">Albergati,</subfield>
    <subfield code="b">Vianesio</subfield>
    <subfield code="3">IT\ICCU\CNCA\010932</subfield>
  </datafield>
  <datafield tag="712" ind1="0" ind2="0">
    <subfield code="a">Valvassori, Giovanni Andrea &amp; Valvassori, Florio</subfield>
    <subfield code="3">IT\ICCU\CNCT\000721</subfield>
    <subfield code="4">650</subfield>
  </datafield>
  <datafield tag="790" ind1=" " ind2="0">
    <subfield code="a">Anonimo</subfield>
    <subfield code="c"> : d&apos;Utopia</subfield>
    <subfield code="3">IT\ICCU\CNCA\007612</subfield>
    <subfield code="z">Lando, Ortensio</subfield>
  </datafield>
  <datafield tag="790" ind1=" " ind2="1">
    <subfield code="a">Landi,</subfield>
    <subfield code="b">Ortensio</subfield>
    <subfield code="3">IT\ICCU\CNCA\014463</subfield>
    <subfield code="z">Lando, Ortensio</subfield>
  </datafield>
  <datafield tag="790" ind1=" " ind2="0">
    <subfield code="a">Philaletes Polytopiensis</subfield>
    <subfield code="3">IT\ICCU\CNCA\016029</subfield>
    <subfield code="z">Lando, Ortensio</subfield>
  </datafield>
  <datafield tag="790" ind1=" " ind2="0">
    <subfield code="a">Tranquillo</subfield>
    <subfield code="3">IT\ICCU\CNCA\020086</subfield>
    <subfield code="z">Lando, Ortensio</subfield>
  </datafield>
  <datafield tag="790" ind1=" " ind2="0">
    <subfield code="a">Andronico Collodio</subfield>
    <subfield code="3">IT\ICCU\CNCA\029856</subfield>
    <subfield code="z">Lando, Ortensio</subfield>
  </datafield>
  <datafield tag="790" ind1=" " ind2="1">
    <subfield code="a">Ptolemaeus,</subfield>
    <subfield code="b">Claudius</subfield>
    <subfield code="c"> &lt;1492-1555&gt;</subfield>
    <subfield code="3">IT\ICCU\CNCA\025067</subfield>
    <subfield code="z">Tolomei, Claudio</subfield>
  </datafield>
  <datafield tag="790" ind1=" " ind2="1">
    <subfield code="a">Tholomei,</subfield>
    <subfield code="b">Claudio</subfield>
    <subfield code="3">IT\ICCU\CNCA\025068</subfield>
    <subfield code="z">Tolomei, Claudio</subfield>
  </datafield>
  <datafield tag="791" ind1="0" ind2="0">
    <subfield code="a">Valvassori, Florio</subfield>
    <subfield code="3">IT\ICCU\CNCT\000722</subfield>
    <subfield code="z">Valvassori, Giovanni Andrea &amp; Valvassori, Florio</subfield>
  </datafield>
  <datafield tag="791" ind1="0" ind2="0">
    <subfield code="a">Vavasorius, Ioannes Andreas &amp; Vavasorius, Florius</subfield>
    <subfield code="3">IT\ICCU\CNCT\004149</subfield>
    <subfield code="z">Valvassori, Giovanni Andrea &amp; Valvassori, Florio</subfield>
  </datafield>
  <datafield tag="801" ind1=" " ind2="3">
    <subfield code="a">IT</subfield>
    <subfield code="b">ICCU</subfield>
    <subfield code="c">20201114</subfield>
  </datafield>
  <datafield tag="899" ind1=" " ind2=" ">
    <subfield code="a">Biblioteca nazionale centrale. Firenze</subfield>
    <subfield code="1">FI0098</subfield>
    <subfield code="2">CFI CF</subfield>
  </datafield>
  <datafield tag="899" ind1=" " ind2=" ">
    <subfield code="a">Biblioteca universitaria. Padova</subfield>
    <subfield code="z">MUTILO</subfield>
    <subfield code="1">PD0158</subfield>
    <subfield code="2">PUV 00</subfield>
  </datafield>
  <datafield tag="911" ind1=" " ind2=" ">
    <subfield code="a">Sul front.</subfield>
    <subfield code="9">IT\ICCU\CNCM\000815</subfield>
  </datafield>
  <datafield tag="921" ind1=" " ind2=" ">
    <subfield code="a">IT\ICCU\CNCM\000815</subfield>
    <subfield code="b">Cuore con croce doppia ed iniziali Z.A.V. Nella cornice del frontespizio.</subfield>
    <subfield code="c">V499</subfield>
    <subfield code="f">CUORE</subfield>
    <subfield code="f">CROCE</subfield>
    <subfield code="f">ZAV</subfield>
    <subfield code="g">1539-1550</subfield>
  </datafield>
</record>
</collection>
